% -----------------------------------------------------------------------------
%
% Copyright (c) 2017 Sam Cox, Roberto Sommariva
%
% This file is part of the AtChem2 software package.
%
% This file is covered by the MIT license which can be found in the file
% LICENSE.md at the top level of the AtChem2 distribution.
%
% -----------------------------------------------------------------------------

@article{bloss_2005,
  author   = {Bloss, C. and Wagner, V. and Jenkin, M. E. and Volkamer, R. and
              Bloss, W. J. and Lee, J. D. and Heard, D. E. and Wirtz, K. and
              Martin-Reviejo, M. and Rea, G. and Wenger, J. C. and Pilling, M. J.},
  title    = {Development of a detailed chemical mechanism ({MCMv3.1}) for the
              atmospheric oxidation of aromatic hydrocarbons},
  journal  = {Atmospheric Chemistry and Physics},
  year     = {2005},
  volume   = {5},
  number   = {3},
  pages    = {641--664},
  doi      = {10.5194/acp-5-641-2005},
}

@article{hindmarsh_2005,
  author  = {Hindmarsh, Alan C. and Brown, Peter N. and Grant, Keith E. and
             Lee, Steven L. and Serban, Radu and Shumaker, Dan E. and
             Woodward, Carol S.},
  title   = {{SUNDIALS}: suite of nonlinear and differential/algebraic equation
             solvers},
  journal = {ACM Transactions on Mathematical Software},
  year    = {2005},
  volume  = {31},
  number  = {3},
  pages   = {363--396},
  doi     = {10.1145/1089014.1089020},
}

@article{jenkin_1997,
  author  = {Jenkin, M. E. and Saunders, S. M. and Pilling, M. J.},
  title   = {The tropospheric degradation of volatile organic compounds:
             a protocol for mechanism development},
  journal = {Atmospheric Environment},
  year    = {1997},
  volume  = {31},
  number  = {1},
  pages   = {81--104},
  doi     = {10.1016/S1352-2310(96)00105-7},
}

@article{jenkin_2003,
  author  = {Jenkin, M. E. and Saunders, S. M. and Wagner, V. and Pilling, M. J.},
  title   = {Protocol for the development of the {Master Chemical Mechanism},
             {MCM} v3 ({Part B}): tropospheric degradation of aromatic volatile
             organic compounds},
  journal = {Atmospheric Chemistry and Physics},
  year    = {2003},
  volume  = {3},
  number  = {1},
  pages   = {181--193},
  doi     = {10.5194/acp-3-181-2003},
}

@article{jenkin_2015,
  author  = {Jenkin, M. E. and Young, J. C. and Rickard, A. R.},
  title   = {The {MCM} v3.3.1 degradation scheme for isoprene},
  journal = {Atmospheric Chemistry and Physics},
  year    = {2015},
  volume  = {15},
  number  = {20},
  pages   = {11433--11459},
  doi     = {10.5194/acp-15-11433-2015},
}

@incollection{madronich_1993,
  author    = {Madronich, S.},
  title     = {The atmosphere and {UV-B} radiation at ground level},
  booktitle = {Environmental UV Photobiology},
  publisher = {Springer, Boston, MA},
  year      = {1993},
  editor    = {Young, A. R. and Moan, J. and Bj{\"o}rn, L. O. and Nultsch, W.},
  pages     = {1--39},
  isbn      = {978-1-4899-2408-7},
  doi       = {10.1007/978-1-4899-2406-3_1},
}

@phdthesis{martin_2009,
  author  = {Martin, C. J.},
  title   = {Chemical models for, and the role of data and provenance in, an
             atmospheric chemistry community},
  school  = {School of Chemistry \& School of Computing},
  year    = {2009},
  address = {University of Leeds},
  url     = {https://etheses.whiterose.ac.uk/1596/},
}

@article{saunders_2003,
  author  = {Saunders, S. M. and Jenkin, M. E. and Derwent, R. G. and
             Pilling, M. J.},
  title   = {Protocol for the development of the {Master Chemical Mechanism},
             {MCM} v3 ({Part A}): tropospheric degradation of non-aromatic
             volatile organic compounds},
  journal = {Atmospheric Chemistry and Physics},
  year    = {2003},
  volume  = {3},
  number  = {1},
  pages   = {161--180},
  doi     = {10.5194/acp-3-161-2003},
}

@conference{sommariva_2018,
  author    = {Sommariva, R. and Cox, S. and Martin, C. and Boro{\'n}ska, K. and
               Young, J. and Jimack, P. and Pilling, M. J. and Bloss, W. J. and
               Monks, P. S. and Rickard, A. R.},
  title     = {{AtChem}, an open source box-model for the {Master Chemical Mechanism}},
  booktitle = {Atmospheric Chemical Mechanisms Conference},
  date      = {5-7 December},
  year      = {2018},
  location  = {UC-Davis, CA, USA},
}

@article{sommariva_2020,
  author  = {Sommariva, R. and Cox, S. and Martin, C. and Boro{\'n}ska, K. and
             Young, J. and Jimack, P. K. and Pilling, M. J. and Matthaios, V. N. and
             Nelson, B. S. and Newland, M. J. and Panagi, M. and Bloss, W. J. and
             Monks, P. S. and Rickard, A. R.},
  title   = {{AtChem} (version 1), an open-source box model for the {Master Chemical Mechanism}},
  journal = {Geoscientific Model Development},
  year    = 2020,
  volume  = 13,
  number  = 1,
  pages   = {169--183},
  doi     = {10.5194/gmd-13-169-2020},
}
